
@article{liu_experimental_nodate,
	title = {Experimental {Study} of {TCP} and {UDP} {Protocols} for {Future} {Distributed} {Databases}},
	language = {en},
	author = {Liu, Xiangning and Cheng, Lebin and Bhargava, Bharat and Zhao, Zhiyuan},
	file = {Liu et al. - Experimental Study of TCP and UDP Protocols for Fu.pdf:/home/gideon/Zotero/storage/C2HXB5V8/Liu et al. - Experimental Study of TCP and UDP Protocols for Fu.pdf:application/pdf},
}

@misc{noauthor_sci-hub_nodate,
	title = {{A} behavior model for persuasive design. {Proceedings} of the 4th {International} {Conference} on {Persuasive} {Technology} - {Persuasive} ’09 {\textbar} 10.1145/1541948.1541999},
	file = {A behavior model for persuasive design. Proceedings of the 4th International Conference on Persuasive Technology - Persuasive ’09 | 10.1145/1541948.1541999:/home/gideon/Zotero/storage/IP4E3GPG/A behavior model for persuasive design. Proceedings of the 4th International Conference on Persuasive Technology - Persuasive ’09  10.11451541948.1541999:text/html},
}

@article{vallone_faps_nodate,
	title = {{FAPS}: {A} {Cost}-{Effective} {Software}-{Controlled} 5-{Axis} {Positioning} {System} for {LIBS}},
	author = {Vallone, Max and Shaked, Gideon and Gomez Rivas-Vasquez, Francisco and Ochatt, Claudia and DuBard, Robert},
}
